@article{GR_brancher,
  title={Brancher og produkter i GrønREFORM},
  author={Kirk, J. and Andresen,  E.},
  journal={DREAM},
  year={october, 2020}
}
@article{GR_reform,
  title={REFORM modellen },
  author={Stephensen, Peter and Huss, Christopher and Jensen, Ralph Bøge and Bache, peter},
  journal={DREAM},
  year={Maj, 2019}
}

@article{MAKRO_mini,
  title={Miniudgave af MAKRO },
  author={Høegh, Grane H.},
  journal={DREAM-gruppen},
  year={November, 2020}
}

@article{GR_status,
  title={Projektstatus for GrønREFORM},
  author={Kirk, Jens Sand},
  journal={DREAM},
  year={12 december, 2020}
}

@article{GR_landbrug,
  title={Agricultural production and emissions in GreenREFORM},
  author={Beck, Ulrik and Berg, Asbjørn and Christiansen, Simon and Jørgensen, Cecilie},
  journal={DREAM Working Paper},
  year={2020}
}

@article{startingvalues,
  title={A note on 'good starting values' in numerical optimisation},
  author={Gilli, M. and Schumann,  E.},
  journal={COMISEF WORKING PAPER SERIES},
  year={2010}
}



@article{Simpel_co2skat,
  title={Simpel model med CO2-afgift},
  author={Peter Stephensen},
   journal={DREAM},
  year={2020},
}

@article{klimaraad_70pct,
  title={Kendte veje og nye spor til 70 pct. reduktion},
  author={Klimarådet},
  year={2020},
}

@article{caronfally,
  title={PER CAPITA INCOME, CONSUMPTION PATTERNS, AND CO2 EMISSIONS},
  author={Caron, Justin and Fally, Thibault },
  journal={NBER working paper series},
  year={2018},

}


@article{demand_shift,
  title={The demands they are a-changin'},
  author={Brækkan, Eivind Hestvik and Thyholdt, Sverre Braathen and Asche, Frank and Myrland Øystein},
  journal={European Review of Agricultural Economics},
  number={45(4)},
  pages={531-552},
  year={2018},
  publisher={Oxford University Press}
}

@article{test_habit,
  title={Test of the habit formation hypothesis using household data},
  author={Heien, Dale and Durham, Cathy},
  journal={The Review of Economics and Statistics},
  number={2},
  pages={433-443},
  year={1991},
  publisher={JSTOR}
}

@article{hertel2007confident,
  title={How confident can we be of CGE-based assessments of Free Trade Agreements?},
  author={Hertel, Thomas and Hummels, David and Ivanic, Maros and Keeney, Roman},
  journal={Economic Modelling},
  volume={24},
  number={4},
  pages={611--635},
  year={2007},
  publisher={Elsevier}
}


@article{CRANFIELD2002289,
title = {Estimating consumer demands across the development spectrum: maximum likelihood estimates of an implicit direct additivity model},
journal = {Journal of Development Economics},
volume = {68},
number = {2},
pages = {289-307},
year = {2002},
issn = {0304-3878},
doi = {https://doi.org/10.1016/S0304-3878(02)00014-7},
url = {https://www.sciencedirect.com/science/article/pii/S0304387802000147},
author = {J.A.L. Cranfield and Paul V. Preckel and James S. Eales and Thomas W. Hertel},
keywords = {Consumer demand, Expenditure growth},
abstract = {This paper characterizes consumer demand patterns across the development spectrum using elasticity estimates from a demand system possessing non-linear Engel effects. Demands for six broadly defined goods are then projected under the assumption that per capita expenditure growth rates differ across the development spectrum. Such projections illustrate the extent to which non-linear income effects generate more plausible demand responses. Estimated marginal budget shares for food decline in a logistical manner and range from about 0.5 for Ethiopia to less than 0.05 for the USA. Engel elasticities for food range from 0.95 for Ethiopia to less than 0.1 for the USA.}
}


@article{testing_les,
  title={Testing for Habit Formation, Autocorrelation and Theoretical Restrictions in Linear Expenditure Systems},
  author={Green, Richard D. and Hassan, Zuhair A. and Johnson, S.R},
  journal={Southern Economic Journal},
  volume={47},
  pages={433-443},
  year={1980},
  publisher={JSTOR}
}

@article{meta_carbontax,
  title={Distributional Impacts of Carbon Pricing: A Meta-Analysis},
  author={Ohlendorf, Nils and Jakob, Michael and Minx, Jan c. and Schröder, Carsten and Steckel, Jan C},
  journal={Environmental and Resource Economics},
  volume={78},
  pages={1--42},
  year={2021},
  publisher={Springer}
}

@article{forecastingbergmeir,
  title={On the use of cross-validation for time series predictor evaluation},
  author={Bergmeir, Christoph and Benítez,  M. José},
  journal={Information Sciences},
  volume={191},
  pages={192--213},
  year={2012},
  publisher={Elsevier}
}
@article{stone1954linear,
  title={Linear expenditure systems and demand analysis: an application to the pattern of British demand},
  author={Stone, Richard},
  journal={The Economic Journal},
  volume={64},
  number={255},
  pages={511--527},
  year={1954},
  publisher={JSTOR}
}
@article{geary1950note,
  title={A note on “A constant-utility index of the cost of living”},
  author={Geary, Roy C},
  journal={The Review of Economic Studies},
  volume={18},
  number={1},
  pages={65--66},
  year={1950},
  publisher={Wiley-Blackwell}
}

@article{stephensen2021note,
  title={LES estimation-note},
  author={Stephensen, Peter},
  journal={Quarterly Journal of Economics},
  volume={18},
  number={1},
  pages={65--66},
  year={2021},
  publisher={Wiley-Blackwell}
}


@article{harold2017incomeelasticityenergy,
author = {J. Harold and J. Cullinan and S. Lyons},
title = {The income elasticity of household energy demand: a quantile regression analysis},
journal = {Applied Economics},
volume = {49},
number = {54},
pages = {5570-5578},
year  = {2017},
publisher = {Routledge},
doi = {10.1080/00036846.2017.1313952},

URL = { 
        https://doi.org/10.1080/00036846.2017.1313952
    
},
eprint = { 
        https://doi.org/10.1080/00036846.2017.1313952
    
}

}


@article{snow2015pigouslaw,
author = {Snow, Arthur and Warren, Ronald},
year = {2015},
month = {05},
pages = {},
title = {Pigou’s Law and the proportionality of income and price elasticities of demand},
volume = {132},
journal = {Economics Letters},
doi = {10.1016/j.econlet.2015.05.002}
}

@article{Wier2005,
  title={Are CO$_2$ taxes regressive? Evidence from the Danish experience},
  author={Wier, Mette and Birr-Pedersen, Katja and Jacobsen, Henrik K. and Klok, Jacob},
  journal={Ecological Economics 52},
  volume={52},
  number={},
  pages={239--251},
  year={2005},
  publisher={Science Direct}
}
@article{Irland2008,
  title={The distributional implications of a carbon tax in Ireland},
  author={Callan, Tim and Lyons, Sean and Scott, Susan and Tol, Richard SJ and Verde, Stefano},
  journal={Energy Policy},
  volume={37},
  number={2},
  pages={407--412},
  year={2009},
  publisher={Elsevier}
}

@misc{klimaraad2021,
  title={Statusrapport 2021},
  author={{Klimarådet}},
  journal={},
  volume={},
  number={},
  pages={},
  year={2021},
  howpublished = {\url{https://klimaraadet.dk/da/rapporter/statusrapport-2021}}
}

@misc{kf21,
  title={Climate Outlook 2021},
  author={{Danish Energy Agency}},
  journal={},
  volume={},
  number={},
  pages={},
  year={2021},
  howpublished = {\url{https://ens.dk/service/fremskrivninger-analyser-modeller/klimastatus-og-fremskrivning}}
}

@misc{klimaloven,
  title={Klimaloven},
  author={{Climate Law}},
  journal={},
  volume={},
  number={},
  pages={},
  year={2020},
  howpublished = {\url{https://www.retsinformation.dk/eli/lta/2020/965}}
}

@article{Kraka2020,
  title={Small Great Nation: En klimareform der leverer de magiske 70 pct.},
  author={{Kraka}},
  journal={},
  volume={},
  number={},
  pages={},
  year={2020},
  publisher={Kraka}
}

@book{miller_blair_2009, place={Cambridge}, edition={2}, title={Input-Output Analysis: Foundations and Extensions}, DOI={10.1017/CBO9780511626982}, publisher={Cambridge University Press}, author={Miller, Ronald E. and Blair, Peter D.}, year={2009}}

@misc{carattini2019win,
  title={How to win public support for a global carbon tax},
  author={Carattini, Stefano and Kallbekken, Steffen and Orlov, Anton},
  year={2019},
  publisher={Nature Publishing Group}
}


@article{klenert2018,
  title={Environmental taxation, inequality and Engel’s law: The double dividend of redistribution},
  author={Klenert, David and Schwerhoff, Gregor and Edenhofer, Ottmar and Mattauch, Linus},
  journal={Environmental and Resource Economics},
  volume={71},
  number={3},
  pages={605--624},
  year={2018},
  publisher={Springer}
}

@article{Grainger2010,
  title={Who Pays a Price on Carbon?},
  author={Grainger and Kolstad},
  year={2010},
  publisher={Environmental and Resource Economics},
    volume={46},
  pages={359–376},
}

@article{KlenertMattauch2016,
  title={How to make a carbon tax reform progressive: The role of subsistence consumption},
  author={Klenert and Mattauch},
  year={2016},
  publisher={Economics Letters},
    volume={138},
  pages={100-103},
}

@unpublished{makroforbrug2020,
  title={Estimering af Forbrugssystemet i MAKRO},
  author={Kronborg, Anders F. and Kastrup, Christian S.},
  year={2020},
  publisher={DREAM-gruppen},
  note    = {Working Paper}
}

@techreport{CESkalmanmethod,
  title={Estimating the Constant Elasticity of Substitution when Technical Change is Time-Varying: A Kalman Filtering Approach },
  author={Kronborg, Anders F. and Kastrup, Christian S. and Stephensen, Peter P.},
  year={2019},
  publisher={DREAM-gruppen},
  note    = {Working Paper}
}

@book{durbin2012time,
  title={Time series analysis by state space methods},
  author={Durbin, James and Koopman, Siem Jan},
  year={2012},
  publisher={Oxford university press}
}
@book{burfisher2021introduction,
  title={Introduction to computable general equilibrium models},
  author={Burfisher, Mary E},
  year={2021},
  publisher={Cambridge University Press}
}
@article{annabi2006functional,
  title={{Functional forms and parametrization of CGE models. PEP Working Paper.}},
  author={Annabi, Nabil and Cockburn, John and Decaluw{\'e}, Bernard},
  year={2006},
  publisher={PEP Working Paper}
}

@article{dynan2004rich,
  title={Do the rich save more?},
  author={Dynan, Karen E and Skinner, Jonathan and Zeldes, Stephen P},
  journal={Journal of political economy},
  volume={112},
  number={2},
  pages={397--444},
  year={2004},
  publisher={The University of Chicago Press}
}
@article{pollak1969estimation,
  title={Estimation of the linear expenditure system},
  author={Pollak, Robert A and Wales, Terence J},
  journal={Econometrica: Journal of the Econometric Society},
  pages={611--628},
  year={1969},
  publisher={JSTOR}
}


@article{ourselves2020,
  title={Carbon Taxation and Inequality},
  author={Nielsen, J.M.D. and Kaslund, R.L.},
  year={2020},
  publisher={Seminar Paper from University of Copenhagen}
}
@article{copelandandtaylor1994,
  title={North-South trade and the environment},
  author={Copeland, Brian R and Taylor, M Scott},
  journal={The quarterly journal of Economics},
  volume={109},
  number={3},
  pages={755--787},
  year={1994},
  publisher={MIT Press}
}
@article{RAUSCH2011S20,
title = {Distributional impacts of carbon pricing: A general equilibrium approach with micro-data for households},
journal = {Energy Economics},
volume = {33},
pages = {S20-S33},
year = {2011},
note = {Supplemental Issue: Fourth Atlantic Workshop in Energy and Environmental Economics},
issn = {0140-9883},
doi = {https://doi.org/10.1016/j.eneco.2011.07.023},
url = {https://www.sciencedirect.com/science/article/pii/S0140988311001538},
author = {Sebastian Rausch and Gilbert E. Metcalf and John M. Reilly},
keywords = {Carbon pricing, Distributional effects, General equilibrium, Micro-simulation},
abstract = {Many policies to limit greenhouse gas emissions have at their core efforts to put a price on carbon emissions. Carbon pricing impacts households both by raising the cost of carbon intensive products and by changing factor prices. A complete analysis requires taking both effects into account. The impact of carbon pricing is determined by heterogeneity in household spending patterns across income groups as well as heterogeneity in factor income patterns across income groups. It is also affected by precise formulation of the policy (how is the revenue from carbon pricing distributed) as well as the treatment of other government policies (e.g. the treatment of transfer payments). What is often neglected in analyses of policy is the heterogeneity of impacts across households even within income or regional groups. In this paper, we incorporate 15,588 households from the U.S. Consumer and Expenditure Survey data as individual agents in a comparative-static general equilibrium framework. These households are represented within the MIT USREP model, a detailed general equilibrium model of the U.S. economy. In particular, we categorize households by full household income (factor income as well as transfer income) and apply various measures of lifetime income to distinguish households that are temporarily low-income (e.g., retired households drawing down their financial assets) from permanently low-income households. We also provide detailed within-group distributional measures of burden impacts from various policy scenarios.}
}
@article{RAUSCH2014556,
title = {Distributional and efficiency impacts of clean and renewable energy standards for electricity},
journal = {Resource and Energy Economics},
volume = {36},
number = {2},
pages = {556-585},
year = {2014},
issn = {0928-7655},
doi = {https://doi.org/10.1016/j.reseneeco.2013.09.001},
url = {https://www.sciencedirect.com/science/article/pii/S0928765513000547},
author = {Sebastian Rausch and Matthew Mowers},
keywords = {Climate policy, Renewable energy, Electricity, Clean energy standards, Top-down, Bottom-up, General equilibrium modeling},
abstract = {We examine the efficiency and distributional impacts of greenhouse gas policies directed toward the electricity sector in a model that links a “top-down” general equilibrium representation of the U.S. economy with a “bottom-up” electricity-sector dispatch and capacity expansion model. Our modeling framework features a high spatial and temporal resolution of electricity supply and demand, including renewable energy resources and generating technologies, while representing CO2 abatement options in non-electric sectors as well as economy-wide interactions. We find that clean and renewable energy standards entail substantial efficiency costs compared to a carbon pricing policy such as a cap-and-trade program or a carbon tax, and that these policies are regressive across the income distribution. The geographical distribution of cost is characterized by high burdens for regions that depend on non-qualifying generation fuels, primarily coal. Regions with abundant hydro power and wind resources, and a relatively clean generation mix in the absence of policy, are among the least impacted. An important shortcoming of energy standards vis-à-vis a carbon pricing policy is that no revenue is generated that can be used to alter unintended distributional consequences.}
}

@techreport{paltsev2005emissions,
  title={The MIT emissions prediction and policy analysis (EPPA) model: version 4},
  author={Paltsev, Sergey and Reilly, John M and Jacoby, Henry D and Eckaus, Richard S and McFarland, James R and Sarofim, Marcus C and Asadoorian, Malcolm O and Babiker, Mustafa HM},
  year={2005},
  institution={MIT Joint Program on the Science and Policy of Global Change}
}

@book{pollak1992demand,
  title={Demand system specification and estimation},
  author={Pollak, Robert A and Wales, Terence J},
  year={1992},
  publisher={Oxford University Press on Demand}
}

@book{lutkepohl2005new,
  title={New introduction to multiple time series analysis},
  author={L{\"u}tkepohl, Helmut},
  year={2005},
  publisher={Springer Science \& Business Media}
}

@book{araar2019prices,
  title={Prices and Welfare: An Introduction to the Measurement of Well-being when Prices Change},
  author={Araar, Abdelkrim and Verme, Paolo},
  year={2019},
  publisher={Springer}
}


@article{mankiw2009smart,
  title={Smart taxes: An open invitation to join the pigou club},
  author={Mankiw, N Gregory},
  journal={Eastern Economic Journal},
  volume={35},
  number={1},
  pages={14--23},
  year={2009},
  publisher={Springer}
}



@misc{hhbudgetsurvey,
  title={Household Budget Survey. Documentation},
  author={{Statistics Denmark}},
  journal={},
  volume={},
  number={},
  pages={},
  year={2019},
  howpublished = {https://www.dst.dk/en/Statistik/dokumentation/documentationofstatistics/household-budget-survey}
}

@article{YIP2018136,
title = {On the labor market consequences of environmental taxes},
journal = {Journal of Environmental Economics and Management},
volume = {89},
pages = {136-152},
year = {2018},
issn = {0095-0696},
doi = {https://doi.org/10.1016/j.jeem.2018.03.004},
url = {https://www.sciencedirect.com/science/article/pii/S009506961730551X},
author = {Chi Man Yip},
keywords = {Environmental policies, Labor market consequences, Distributional effects},
abstract = {}
}

@article{kaus2013beyond,
  title={Beyond Engel's law-A cross-country analysis},
  author={Kaus, Wolfhard},
  journal={The Journal of Socio-Economics},
  volume={47},
  pages={118--134},
  year={2013},
  publisher={Elsevier}
}
@article{wadud2010gasoline,
  title={Gasoline demand with heterogeneity in household responses},
  author={Wadud, Zia and Graham, Daniel J and Noland, Robert B},
  journal={The Energy Journal},
  volume={31},
  number={1},
  year={2010},
  publisher={International Association for Energy Economics}
}

@incollection{friedman1957front,
  title={Front Matter" A Theory of the Consumption Function"},
  author={Friedman, Milton},
  booktitle={A Theory of the Consumption Function},
  pages={20--0},
  year={1957},
  publisher={Princeton University Press}
}

@misc{swissreferendumjune2021,
  title={Rural disgruntlement, pro-climate complacency sink expansion of Swiss carbon tax},
  author={Keeling, Drew},
  journal={},
  volume={},
  number={},
  pages={},
  year={2021},
  howpublished = {https://www.carbontax.org/blog/2021/06/16/rural-disgruntlement-pro-climate-complacency-sink-expansion-of-swiss-carbon-tax/}
}

@misc{aeskattesystem2021,
  title={To årtiers skattepolitik har øget uligheden },
  author={{Arbejderbevægelsens Erhvervsråd}},
  journal={},
  volume={},
  number={},
  pages={},
  year={2021},
  howpublished = {https://www.ae.dk/analyse/2021-02-to-aartiers-skattepolitik-har-oeget-uligheden}
}
@misc{ae2019stigendeindkomstulighed,
  title={Stigende indkomstulighed i Danmark},
  author={{Arbejderbevægelsens Erhvervsråd}},
  journal={},
  volume={},
  number={},
  pages={},
  year={2019},
  howpublished = {http://kortlink.dk/2cabh}
}

@article{piketty2014inequality,
  title={Inequality in the long run},
  author={Piketty, Thomas and Saez, Emmanuel},
  journal={Science},
  volume={344},
  number={6186},
  pages={838--843},
  year={2014},
  publisher={American Association for the Advancement of Science}
}


@misc{gronskattereform2020,
  title={Aftale om Grøn skattereform},
  author={{Danish Ministry of Finance}},
  journal={},
  volume={},
  number={},
  pages={},
  year={2020},
  howpublished = {https://fm.dk/nyheder/nyhedsarkiv/2020/december/bred-aftale-om-groen-skattereform-baner-vej-for-groen-omstilling-i-erhvervslivet/}
}

@misc{eldrupkommission2021,
  title={Veje til en veludbygget ladeinfrastruktur. Kommissionen for grøn omstilling af personbilers anden delrapport},
  author={{Danish Ministry of Finance}},
  journal={},
  volume={},
  number={},
  pages={},
  year={2021},
  howpublished = {https://fm.dk/nyheder/nyhedsarkiv/2021/februar/kommissionen-for-groen-omstilling-af-personbiler-offentliggoer-sin-anden-delrapport-veje-til-en-veludbygget-ladeinfrastruktur/}
}


@misc{dmoer2021,
  title={Økonomi og miljø 2021. Dansk Klimapolitik frem mod 2030},
  author={{De Økonomiske Råd}},
  journal={},
  volume={},
  number={},
  pages={},
  year={2021},
  howpublished = {https://dors.dk/vismandsrapporter/oekonomi-miljoe-2020}
}

@article{poterba1991tax,
  title={Tax policy to combat global warming: on designing a carbon tax},
  author={Poterba, James M},
  journal={Global warming: Economic policy responses},
  volume={71},
  pages={97},
  year={1991},
  publisher={MIT Press, Cambridge, MA}
}
@ARTICLE{RePEc:eee:ecolec:v:68:y:2009:i:8-9:p:2432-2438,
title = {Impact of cap-and-trade policies for reducing greenhouse gas emissions on U.S. households},
author = {Shammin, Md Rumi and Bullard, Clark W.},
year = {2009},
journal = {Ecological Economics},
volume = {68},
number = {8-9},
pages = {2432-2438},
abstract = {},
keywords = {Cap-and-trade Regressive impact of climate change policy Carbon tax and rebate GHG emission reduction Equity and fairness of climate legislation},
url = {https://EconPapers.repec.org/RePEc:eee:ecolec:v:68:y:2009:i:8-9:p:2432-2438}
}

@article{gharibnavaz2018estimating,
  title={Estimating LES Parameters with Heterogeneous Households for a CGE Model},
  author={Gharibnavaz, Mohammad Reza and Verikios, George},
  year={2018}
}
@article{shojaeddiniconsumer,
  title={Consumer Demand Estimation for Heterogeneous US Households. Working paper.},
  author={Shojaeddini, Ensieh and Marten, Alex and Schreiber, Andrew and Wolverton, Ann},
  year={2020},
  url = {https://http://www.shojae.com/#resume}
}
@article{schulte2017price,
  title={Price and income elasticities of residential energy demand in Germany},
  author={Schulte, Isabella and Heindl, Peter},
  journal={Energy Policy},
  volume={102},
  pages={512--528},
  year={2017},
  publisher={Elsevier}
}
@article{jussila2012estimation,
  title={The estimation of LES demand elasticities for CGE models},
  author={Jussila, Mira and Tamminen, Saara and Kinnunen, Jouko},
  year={2012},
  publisher={Valtion taloudellinen tutkimuskeskus VATT}
}


@article{BARANZINI2000,
title = {A future for carbon taxes},
journal = {Ecological Economics},
volume = {32},
number = {3},
pages = {395-412},
year = {2000},
issn = {0921-8009},
doi = {https://doi.org/10.1016/S0921-8009(99)00122-6},
url = {https://www.sciencedirect.com/science/article/pii/S0921800999001226},
author = {Andrea Baranzini and José Goldemberg and Stefan Speck},
keywords = {Carbon taxes, Energy taxes, Climate change},
abstract = {Carbon taxes have been frequently advocated as a cost-effective instrument for reducing emissions. However, in the practice of environmental policies, only six countries have implemented taxes based on the carbon content of the energy products. In this paper, we evaluate carbon taxes with regard to their competitiveness, distributional and environmental impacts. The evidence shows that carbon taxes may be an interesting policy option and that their main negative impacts may be compensated through the design of the tax and the use of the generated fiscal revenues.}
}

@misc{dmoer2009,
  title={Økonomi og Miljø 2009},
  author={{De Økonomiske Råd}},
  journal={},
  volume={},
  number={},
  pages={},
  year={2009},
  howpublished = {https://dors.dk/vismandsrapporter/okonomi-miljo-2009}
}

@misc{kodsovsellerkaos,
  title={{Kødsovs eller kaos? Sådan kan en grøn skattereform være med til at mindske social ulighed}},
  author={Bahn, Martin and Gjerding, Sebastian},
  journal={Information},
  volume={},
  number={},
  pages={},
  year={2020},
  howpublished = {https://www.information.dk/indland/2020/02/koedsovs-kaos-saadan-kan-groen-skattereform-vaere-mindske-social-ulighed}
}

@misc{berlingske2020,
  title={{Mangedobling af klimaafgift møder modstand: »CO2-udledning og job vil uundgåeligt flytte ud af landet«}},
  author={Winther, Bent},
  journal={Berlingske Tidende},
  volume={},
  number={},
  pages={},
  year={2020},
  howpublished = {https://www.berlingske.dk/danmark/mangedobling-af-klimaafgift-moeder-modstand-co2-udledning-og-job-vil}
}


@misc{megafonpolitiken,
  title={Politikerne bør gøre mere for klimaet - men kun, hvis vi ikke selv skal betale},
  author={Hannestad, Adam and Thomsen, Camilla Skovgaard},
  journal={Politiken},
  volume={},
  number={},
  pages={},
  year={2020},
  howpublished = {https://politiken.dk/del/QDSGF7AAfpeg}
}

@misc{denstoreklimadatabase,
  title={Den store klimadatabase, version 1},
  author={CONCITO},
  journal={},
  volume={},
  number={},
  pages={},
  year={2021},
  howpublished = {https://denstoreklimadatabase.dk/baggrundsinformation}
}
@article{sune2020,
  title={Fordelingsvirkninger af en afgift på CO2e-udledninger på kort sigt},
  author={Caspersen, Sune},
  journal={},
  volume={},
  number={},
  pages={3--4},
  year={2020},
  publisher={Arbejderbevægelsens Erhvervsråd (unpublished, available upon request)}
}


@misc{statbank,
  title={StatBank Denmark},
  author={{Statistics Denmark}},
  journal={},
  volume={},
  number={},
  pages={},
  year={2021},
  howpublished = {https://www.statistikbanken.dk/}
}



@article{klenert2018making,
  title={Making carbon pricing work for citizens},
  author={Klenert, David and Mattauch, Linus and Combet, Emmanuel and Edenhofer, Ottmar and Hepburn, Cameron and Rafaty, Ryan and Stern, Nicholas},
  journal={Nature Climate Change},
  volume={8},
  number={8},
  pages={669--677},
  year={2018},
  publisher={Nature Publishing Group}
}

